@article{strite1992gan,
  title={GaN, AlN, and InN: a review},
  author={Strite, a S and Morko{\c{c}}, Hy},
  journal={Journal of Vacuum Science \& Technology B: Microelectronics and Nanometer Structures Processing, Measurement, and Phenomena},
  volume={10},
  number={4},
  pages={1237--1266},
  year={1992},
  publisher={American Vacuum Society}
}

@article{pernot2000solar,
  title={Solar-blind UV photodetectors based on GaN/AlGaN pin photodiodes},
  author={Pernot, Cyril and Hirano, Akira and Iwaya, Motoaki and Detchprohm, Theeradetch and Amano, Hiroshi and Akasaki, Isamu},
  journal={Japanese Journal of Applied Physics},
  volume={39},
  number={5A},
  pages={L387},
  year={2000},
  publisher={IOP Publishing}
}

@article{chen1997schottky,
  title={Schottky barrier detectors on GaN for visible--blind ultraviolet detection},
  author={Chen, Q and Yang, JW and Osinsky, A and Gangopadhyay, S and Lim, B and Anwar, MZ and Asif Khan, M and Kuksenkov, D and Temkin, H},
  journal={Applied Physics Letters},
  volume={70},
  number={17},
  pages={2277--2279},
  year={1997},
  publisher={American Institute of Physics}
}

@article{munoz1997photoconductor,
  title={Photoconductor gain mechanisms in GaN ultraviolet detectors},
  author={Munoz, E and Monroy, E and Garrido, JA and Izpura, I and S{\'a}nchez, FJ and S{\'a}nchez-Garc{\i}a, MA and Calleja, E and Beaumont, B and Gibart, P},
  journal={Applied physics letters},
  volume={71},
  number={7},
  pages={870--872},
  year={1997},
  publisher={American Institute of Physics}
}

@article{nakamura1993high,
  title={High-power InGaN/GaN double-heterostructure violet light emitting diodes},
  author={Nakamura, Shuji and Senoh, Masayuki and Mukai, Takashi},
  journal={Applied Physics Letters},
  volume={62},
  number={19},
  pages={2390--2392},
  year={1993},
  publisher={American Institute of Physics}
}

@article{funato2006blue,
  title={Blue, green, and amber InGaN/GaN light-emitting diodes on semipolar $\{$11-22$\}$ GaN bulk substrates},
  author={Funato, Mitsuru and Ueda, Masaya and Kawakami, Yoichi and Narukawa, Yukio and Kosugi, Takao and Takahashi, Masayoshi and Mukai, Takashi},
  journal={Japanese Journal of Applied Physics},
  volume={45},
  number={7L},
  pages={L659},
  year={2006},
  publisher={IOP Publishing}
}

@article{iso2007high,
  title={High brightness blue InGaN/GaN light emitting diode on nonpolar m-plane bulk GaN substrate},
  author={Iso, Kenji and Yamada, Hisashi and Hirasawa, Hirohiko and Fellows, Natalie and Saito, Makoto and Fujito, Kenji and DenBaars, Steven P and Speck, James S and Nakamura, Shuji},
  journal={Japanese Journal of Applied Physics},
  volume={46},
  number={10L},
  pages={L960},
  year={2007},
  publisher={IOP Publishing}
}

@article{nakamura1998continuous,
  title={Continuous-wave operation of InGaN/GaN/AlGaN-based laser diodes grown on GaN substrates},
  author={Nakamura, Shuji and Senoh, Masayuki and Nagahama, Shin-ichi and Iwasa, Naruhito and Yamada, Takao and Matsushita, Toshio and Kiyoku, Hiroyuki and Sugimoto, Yasunobu and Kozaki, Tokuya and Umemoto, Hitoshi and others},
  journal={Applied Physics Letters},
  volume={72},
  number={16},
  pages={2014--2016},
  year={1998},
  publisher={American Institute of Physics}
}

@article{neufeld2008high,
  title={High quantum efficiency InGaN/GaN solar cells with 2.95 eV band gap},
  author={Neufeld, Carl J and Toledo, Nikholas G and Cruz, Samantha C and Iza, Michael and DenBaars, Steven P and Mishra, Umesh K},
  journal={Applied Physics Letters},
  volume={93},
  number={14},
  year={2008},
  publisher={AIP Publishing}
}
@article{jani2007design,
  title={Design and characterization of GaN/ InGaN solar cells},
  author={Jani, Omkar and Ferguson, Ian and Honsberg, Christiana and Kurtz, Sarah},
  journal={Applied Physics Letters},
  volume={91},
  number={13},
  year={2007},
  publisher={AIP Publishing}
}
@article{jiang2017enhanced,
  title={Enhanced solar cell conversion efficiency of InGaN/GaN multiple quantum wells by piezo-phototronic effect},
  author={Jiang, Chunyan and Jing, Liang and Huang, Xin and Liu, Mengmeng and Du, Chunhua and Liu, Ting and Pu, Xiong and Hu, Weiguo and Wang, Zhong Lin},
  journal={ACS nano},
  volume={11},
  number={9},
  pages={9405--9412},
  year={2017},
  publisher={ACS Publications}
}
@article{jain2000iii,
  title={III--nitrides: Growth, characterization, and properties},
  author={Jain, SC and Willander, M and Narayan, J and Overstraeten, R Van},
  journal={Journal of Applied Physics},
  volume={87},
  number={3},
  pages={965--1006},
  year={2000},
  publisher={American Institute of Physics}
}
@article{yoshida1982properties,
  title={Properties of Al x Ga1- x N films prepared by reactive molecular beam epitaxy},
  author={Yoshida, S and Misawa, S and Gonda, S},
  journal={Journal of Applied Physics},
  volume={53},
  number={10},
  pages={6844--6848},
  year={1982},
  publisher={American Institute of Physics}
}
@article{li2007influence,
  title={Influence of growth conditions on Al incorporation to AlxGa1- xN (x> 0.4) grown by MOVPE},
  author={Li, Da-Bing and Aoki, Masakazu and Katsuno, Takuya and Miyake, Hideto and Hiramatsu, Kazumasa and Shibata, Tomohiko},
  journal={Journal of crystal growth},
  volume={298},
  pages={372--374},
  year={2007},
  publisher={Elsevier}
}

@article{hsu2008modeling,
  title={Modeling of InGaN/Si tandem solar cells},
  author={Hsu, L and Walukiewicz, W},
  journal={Journal of Applied Physics},
  volume={104},
  number={2},
  year={2008},
  publisher={AIP Publishing}
}

@article{arafin2013review,
  title={Review of recent progress of III-nitride nanowire lasers},
  author={Arafin, Shamsul and Liu, Xianhe and Mi, Zetian},
  journal={Journal of Nanophotonics},
  volume={7},
  number={1},
  pages={074599--074599},
  year={2013},
  publisher={Society of Photo-Optical Instrumentation Engineers}
}
@article{wang2019in0,
  title={An In0. 42Ga0. 58N tunnel junction nanowire photocathode monolithically integrated on a nonplanar Si wafer},
  author={Wang, Yongjie and Vanka, Srinivas and Gim, Jiseok and Wu, Yuanpeng and Fan, Ronglei and Zhang, Yazhou and Shi, Jinwen and Shen, Mingrong and Hovden, Robert and Mi, Zetian},
  journal={Nano Energy},
  volume={57},
  pages={405--413},
  year={2019},
  publisher={Elsevier}
}

@article{alonso2018solcore,
  title={Solcore: a multi-scale, Python-based library for modelling solar cells and semiconductor materials},
  author={Alonso-{\'A}lvarez, D and Wilson, T and Pearce, P and F{\"u}hrer, M and Farrell, D and Ekins-Daukes, N},
  journal={Journal of Computational Electronics},
  volume={17},
  pages={1099--1123},
  year={2018},
  publisher={Springer}
}

@incollection{book1,
 author    = {Connolly, J.P.},
 title	   = {Analytical models of bulk and quantum well solar cells and relevance of the radiative limit.},
 editor    = {Fara, L., Yamaguchi,M.},
 booktitle = {Advanced Solar Cell Materials, Technology, Modelling, and Simulation, chap. 5},
 pages	   = {59–77},
 address   = {IGI Global, Hershey},
 publisher = {PA},
 year	     = {2013},
 }

@article{sopra2008optical,
  title={Optical data from sopra SA},
  author={Sopra, SA},
  journal={Available at h ttp://www. sspectra. com/sopra. html},
  year={2008}
}

@article{byrnes2016multilayer,
  title={Multilayer optical calculations},
  author={Byrnes, Steven J},
  journal={arXiv preprint arXiv:1603.02720},
  year={2016}
}


%% Journal article
@article{bib1,
 author  = {Carvalho, I. A. and Erlebach, T. and Papadopoulos, K.},
 title   = {On the fast delivery problem with one or two packages},
 journal = {J. {C}omput. Syst. Sc.},
 volume  = {115},
 pages	 = {246--263},
 year	   = {2021}
}

%% Journal article with DOI
@article{bib2,
 author  = {Carvalho, I. A},
 title	 = {On the statistical evaluation of algorithmic's computational experimentation with infeasible solutions},
 journal = {Inf. {P}rocess. {L}ett.},
 volume  = {143},
 pages	 = {24--27},
 year	   = {2019},
 doi	   = {10.1016/j.ipl.2018.11.003}
}

%% Journal article with volume and number
@article{bib3,
 author  = {Hamburger, C.},
 title   = {Quasimonotonicity, regularity and duality for nonlinear systems of partial differential equations},
 journal = {Ann. Mat. Pura. Appl.},
 volume  = {169},
 number  = {2},
 pages	 = {321--354},
 year	   = {1995}
}

%% book, authored
@book{bib4,
 author={Geddes, K. O. and Czapor, S. R. and Labahn, G.},
 title	={Algorithms for {C}omputer {A}lgebra},
 address={Boston},
 publisher={Kluwer},
 year	={1992}
}

%% Book, chapter
@incollection{bib5,
 author    = {Broy, M.},
 title	   = {Software engineering---from auxiliary to key technologies},
 editor    = {Broy, M. and Denert, E.},
 booktitle = {Software Pioneers},
 pages	   = {10--13},
 address   = {New {Y}ork},
 publisher = {Springer},
 year	     = {1992}
}

%% Book, edited
@book{bib6,
 editor    = {Seymour, R. S.},
 title	   = {Conductive {P}olymers},
 address   = {New {Y}ork},
 publisher = {Plenum},
 year	     = {1981}
}

%% Chapter in a book in a series with volume titles
@inproceedings{bib7,
 author    = {F{\'e}lix, L. G. S. and Barbosa, C. M. and Carvalho, I. A. and Vieira, V. F. and Xavier, C. R.},
 title	   = {Forecasting soccer market tendencies using link prediction},
 editor    = {Gervasi, O. and Murgante, B. and Misra, S.  Garau, Chiara and Blečić, I. and Taniar, D. and Apduhan, B. O. and Rocha,  A. M. A. C. and Tarantino, E. and Torre, C. M. and Karaca, Y.},
 %volume    = {42},
 booktitle = {Computational Science and Its Applications--ICCSA 2020: 20th International Conference, Cagliari, Italy, July 1--4, 2020, Proceedings, Part I 20},
 pages	   = {663--675},
 address   = {Heidelberg},
 publisher = {Springer},
 year	     = {2020}
}

%% Paper presented at a conference
@misc{bib8,
 author ={Chung, S. T. and Morris, R. L.},
 title	={Isolation and characterization of plasmid deoxyribonucleic acid from Streptomyces fradiae},
 year	  ={1978},
 note	  ={Paper presented at the 3rd international symposium on the genetics 
	of industrial microorganisms, University of {W}isconsin, {M}adison, 
	4--9 June 1978}
}

%% Data citation example
@misc{bib9,
 author={Hao, Z. and AghaKouchak, A. and Nakhjiri, N. and Farahmand, A.},
 title	={Global integrated drought monitoring and prediction system (GIDMaPS) data sets}, 
 year	={2014},
 note	={figshare \url{https://doi.org/10.6084/m9.figshare.853801}}
}

%% Preprint citation example
@misc{bib10, 
 author={Babichev, S. A. and Ries, J. and Lvovsky, A. I.},
 title	={Quantum scissors: teleportation of single-mode optical states by means 
	of a nonlocal single photon}, 
 year	={2002},
 note	={Preprint at \url{https://arxiv.org/abs/quant-ph/0208066v1}}
}

@article{bib11,
 author={Beneke, M. and Buchalla, G. and Dunietz, I.},
 title	={Mixing induced {CP} asymmetries in inclusive {B} decays},
 journal={Phys. {L}ett.},
 volume={B393},
 year	={1997},
 pages	={132-142},
 archivePrefix={arXiv},
 eprint={0707.3168},
 primaryClass={gr-gc}
}

@softmisc{bib12,
 author={Stahl, B.},
 title	={deep{SIP}: deep learning of {S}upernova {I}a {P}arameters},
 version={0.42},
 keywords={Software},
 howpublished={Astrophysics {S}ource {C}ode {L}ibrary},
 year	={2020},
 month	={Jun},
 eid	={ascl:2006.023},
 pages	={ascl:2006.023},
 archivePrefix={ascl},
 eprint={2006.023},
 adsurl={{https://ui.adsabs.harvard.edu/abs/2020ascl.soft06023S}},
 adsnote={Provided by the SAO/NASA Astrophysics Data System}
}

@article{bib13,
 author ={Abbott, T. M. C. and others},
 collaboration ={DES},
 title ={{Dark Energy Survey Year 1 Results: Constraints on Extended Cosmological Models from Galaxy Clustering and Weak Lensing}},
 eprint ={1810.02499},
 archivePrefix ={arXiv},
 primaryClass ={astro-ph.CO},
 reportNumber ={FERMILAB-PUB-18-507-PPD},
 doi ={10.1103/PhysRevD.99.123505},
 journal ={Phys. Rev. D},
 volume ={99},
 number ={12},
 pages ={123505},
 year ={2019}
}

%%============================================================================%%
%% while using chicago reference style, both abbreviated and expanded form of %%
%% author name format is acceptable. Refer below example for expanded form  %%
%%============================================================================%%

%% author={{Cameron, Deborah}}, - single author
%% author={{Saito, Yukio} and {Hyuga, Hiroyuki}}, - double author 

%%======================================%%
%% Example for author names with suffix %%
%%======================================%%

%% author={{Price, R. A. Jr} and {Curry, N. {III}} and McCann, K. E. and 
%%	Fielding, J. L. and {Abercrombie, E. Jr}},
